%% LaTeX2e file `ref.bib'
%% generated by the `filecontents' environment
%% from source `labelref_test' on 2019/12/03.
%%
@article{becker_human_1986,
 title = {Human Capital and the Rise and Fall of Families},
 volume = {4},
 url = {http://ideas.repec.org/a/ucp/jlabec/v4y1986i3ps1-39.html},
 pages = {S1--39},
 number = {3},
 journaltitle = {Journal of Labor Economics},
 author = {Becker, Gary S and Tomes, Nigel},
 urldate = {2012-02-15},
 date = {1986}
}
@article{conti_understanding_2010,
 title = {Understanding the Early Origins of the Educationâ€“Health Gradient},
 volume = {5},
 issn = {1745-6916, 1745-6924},
 url = {http://pps.sagepub.com/content/5/5/585.abstract},
 doi = {10.1177/1745691610383502},
 pages = {585--605},
 number = {5},
 journaltitle = {Perspectives on Psychological Science},
 author = {Conti, Gabriella and Heckman, James J},
 urldate = {2012-02-16},
 date = {2010-09-01},
 keywords = {health, education, genetics, treatment effects}
}
